<?xml version="1.0" encoding="UTF-8"?><collection xmlns="http://www.loc.gov/MARC21/slim"><record><leader>00396nam--2200133-i-4500</leader><controlfield tag="001">000027627</controlfield><controlfield tag="002">20161230</controlfield><controlfield tag="005">20161230201036</controlfield><controlfield tag="008">060222s1000------------r-----000-0-eng-d</controlfield><datafield ind1=" " ind2=" " tag="080"><subfield code="a">624.15.043.12</subfield></datafield><datafield ind1=" " ind2=" " tag="100"><subfield code="a">Krecimer, V.V.Si Gorbunov-posadov, M.I</subfield></datafield><datafield ind1=" " ind2=" " tag="245"><subfield code="a">Grafice pt.calculul stabilitatii fundatiilor. (trad.din l.rusa)</subfield></datafield><datafield ind1=" " ind2=" " tag="260"><subfield code="a">Bucuresti, Inst.De Docum.Tehnica, 1951, 64p</subfield></datafield><datafield ind1=" " ind2=" " tag="852"><subfield code="a">26372</subfield></datafield></record></collection>